
@book{graphicscompendium,
  title={Graphics Compendium},
  author={Ian Dunn},
  url={https://graphicscompendium.com/index.html},
  year={2024},
}

@book{param1stanford,
  title={CS468 - GPA - Parametrization 1},
  author={Ben-Chen, Lai Lin},
  url={https://graphics.stanford.edu/courses/cs468-10-fall/LectureSlides/12_Parameterization1.pdf},
  year={2011},
}

@article{minimal1,
    author = {Pinkall, Polthier},
    title = {Computing Discrete Minimal Surfaces and Their Conjugates},
    url = {https://www.cs.jhu.edu/~misha/Fall09/Pinkall93.pdf} ,
    year = {1993}
}

@book{param2sheffer,
author = {Sheffer, Alla and Praun, Emil and Rose, Kenneth},
year = {2006},
month = {01},
pages = {},
title = {Mesh Parameterization Methods and Their Applications},
isbn = {9781933019895},
doi = {10.1561/9781933019895}
}

@article{floater1,
title = {Mean value coordinates},
journal = {Computer Aided Geometric Design},
volume = {20},
number = {1},
pages = {19-27},
year = {2003},
issn = {0167-8396},
doi = {https://doi.org/10.1016/S0167-8396(03)00002-5},
url = {https://www.sciencedirect.com/science/article/pii/S0167839603000025},
author = {Michael S. Floater},
keywords = {Barycentric coordinates, Harmonic function, Mean value theorem, Parameterization, Morphing},
abstract = {We derive a generalization of barycentric coordinates which allows a vertex in a planar triangulation to be expressed as a convex combination of its neighbouring vertices. The coordinates are motivated by the Mean Value Theorem for harmonic functions and can be used to simplify and improve methods for parameterization and morphing.}
}

@article{floater2, 
title={Generalized barycentric coordinates and applications}, 
volume={24}, 
DOI={10.1017/S0962492914000129}, 
journal={Acta Numerica}, 
author={Floater, Michael S.}, 
year={2015}, 
pages={161–214}} 

@article{vertex1,
author = {Grit Thürrner and Charles A. Wüthrich},
title = {Computing Vertex Normals from Polygonal Facets},
journal = {Journal of Graphics Tools},
volume = {3},
number = {1},
pages = {43--46},
year = {1998},
publisher = {Taylor \& Francis},
doi = {10.1080/10867651.1998.10487487},
}

@ARTICLE{wave1,
  author={Malladi, R. and Sethian, J.A. and Vemuri, B.C.},
  journal={IEEE Transactions on Pattern Analysis and Machine Intelligence}, 
  title={Shape modeling with front propagation: a level set approach}, 
  year={1995},
  volume={17},
  number={2},
  pages={158-175},
  keywords={Shape;Level set;Computer vision;Computer graphics;Topology;Solid modeling;Difference equations;Finite difference methods;Narrowband;Biomedical imaging},
  doi={10.1109/34.368173}
}

@article{SDF1,
  author =       {Towaki Takikawa and Andrew Glassner and Morgan McGuire},
  title =        {A Dataset and Explorer for 3D Signed Distance Functions},
  year =         2022,
  month =        {April},
  day =          27,
  journal =      {Journal of Computer Graphics Techniques (JCGT)},
  volume =       11,
  number =       2,
  pages =        {1--29},
  url =          {http://jcgt.org/published/0011/02/01/},
  issn =         {2331-7418}
}

@MISC {wave2,
    TITLE = {Signed Distance Function and the Eikonal Equation},
    AUTHOR = {Hypernova},
    HOWPUBLISHED = {Mathematics Stack Exchange},
    NOTE = {URL:https://math.stackexchange.com/q/3631274 (version: 2020-04-18)},
    EPRINT = {https://math.stackexchange.com/q/3631274},
    URL = {https://math.stackexchange.com/q/3631274}
}

@article{SDF2,
author = {Hart, John},
year = {1995},
month = {06},
pages = {},
title = {Sphere Tracing: A Geometric Method for the Antialiased Ray Tracing of Implicit Surfaces},
volume = {12},
journal = {The Visual Computer},
doi = {10.1007/s003710050084}
}

@article{Crane:2010:TCD,
        author={Keenan Crane and Mathieu Desbrun and Peter Schr\"{o}der},
        title={Trivial Connections on Discrete Surfaces},
        journal={Computer Graphics Forum (SGP)},
        volume={29},
        number={5},
        pages={1525-1533},
        year={2010}
}

@article{Hoppe1,
        author={Hoppe, DeRoser},
        title={Surface Reconstruction from Unorganized Points},
        year={1994}
}

@inproceedings{LOD1,
author = {Garland, Michael and Heckbert, Paul S.},
title = {Surface simplification using quadric error metrics},
year = {1997},
doi = {10.1145/258734.258849},
booktitle = {Proceedings of the 24th Annual Conference on Computer Graphics and Interactive Techniques},
series = {SIGGRAPH '97}
}

@INPROCEEDINGS{LOD2,
  author={Garland, M. and Heckbert, P.S.},
  booktitle={Proceedings Visualization '98 (Cat. No.98CB36276)}, 
  title={Simplifying surfaces with color and texture using quadric error metrics}, 
  year={1998},
  doi={10.1109/VISUAL.1998.745312}
}


@book{realtime,
author = {Akenine-Mller, Tomas and Haines, Eric and Hoffman, Naty},
title = {Real-Time Rendering, Fourth Edition},
year = {2018},
isbn = {0134997832},
publisher = {A. K. Peters, Ltd.},
address = {USA},
edition = {4th},
}

@article{turk1,
author = {Turk, Greg},
title = {Re-tiling polygonal surfaces},
year = {1992},
issue_date = {July 1992},
publisher = {Association for Computing Machinery},
address = {New York, NY, USA},
volume = {26},
number = {2},
issn = {0097-8930},
url = {https://doi.org/10.1145/142920.134008},
doi = {10.1145/142920.134008},
journal = {SIGGRAPH Comput. Graph.},
month = {jul},
pages = {55–64},
numpages = {10},
keywords = {shape interpolation, model simplification, levels-of-detail, constrained triangulation, automatic mesh generation}
}

@article{schroeder1,
author = {Schroeder, William and Zarge, Jonathan and Lorensen, William},
year = {1997},
month = {06},
pages = {65-70},
title = {Decimation of triangle meshes},
volume = {26},
journal = {SIGGRAPH Comput. Graph.},
doi = {10.1145/133994.134010}
} 

@article{barycentric1,
author = {Jacobson,},
year = {2013},
month = {01},
pages = {},
title = {Bijective Mappings with Generalized Barycentric Coordinates: A Counterexample},
volume = {17},
journal = {Journal of Graphics Tools},
doi = {10.1080/2165347X.2013.842511}
}

@article{param1,
author = {Cohen, Jonathan and Manocha, Dinesh and Olano, Marc},
year = {2003},
month = {02},
pages = {61},
title = {Successive Mappings: An Approach To Polygonal Mesh Simplification With Guaranteed Error Bounds},
volume = {13},
journal = {Int. J. Comput. Geometry Appl.},
doi = {10.1142/S0218195903001074}
}

@inproceedings{param2,
author = {Lee, Aaron W. F. and Sweldens, Wim and Schr\"{o}der, Peter and Cowsar, Lawrence and Dobkin, David},
title = {MAPS: multiresolution adaptive parameterization of surfaces},
year = {1998},
isbn = {0897919998},
publisher = {Association for Computing Machinery},
address = {New York, NY, USA},
url = {https://doi.org/10.1145/280814.280828},
doi = {10.1145/280814.280828},
booktitle = {Proceedings of the 25th Annual Conference on Computer Graphics and Interactive Techniques},
pages = {95–104},
numpages = {10},
series = {SIGGRAPH '98}
}

@INPROCEEDINGS{LOD3,
  author={Hoppe, H.},
  booktitle={Proceedings Visualization '99 (Cat. No.99CB37067)}, 
  title={New quadric metric for simplifying meshes with appearance attributes}, 
  year={1999},
  doi={10.1109/VISUAL.1999.809869}
}

@inproceedings{LOD4,
author = {Lindstrom, Peter and Turk, Greg},
year = {1998},
month = {10},
pages = {},
title = {Fast and Memory Efficient Polygonal Simplification},
journal = {IEEE Visual},
doi = {10.1109/VISUAL.1998.745314}
}

@article{LOD5,
    journal = {Computer Graphics Forum},
    title = {Fast and Robust QEF Minimization using Probabilistic Quadrics},
    author = {Trettner, Philip and Kobbelt, Leif},
    year = {2020},
    publisher = {The Eurographics Association and John Wiley & Sons Ltd.},
    ISSN = {1467-8659},
    DOI = {10.1111/cgf.13933}
}

@article{predicate1,
    title = {Adaptive Precision Floating-Point Arithmetic and Fast Robust Geometric Predicates},
    author = {Richard Shewchuk, Jonathan},
    year = {1997},
    journal = {Discrete & Computational Geometry}
}

@book{artof1,
author = {Donald E. Knuth},
title = {The Art of Computer Programming},
year = {1968},
publisher = {Addison-Wesley},
edition = {3rd},
}

@article{float1,
    title = {Math 4353/5393 - Floating Point Numbers},
    author = {Mark Arnold},
    year = {2000},
    journal = {4353 - Linear Algebra}
}

@article{float2,
author = {Goldberg, David},
title = {What every computer scientist should know about floating-point arithmetic},
year = {1991},
issue_date = {March 1991},
publisher = {Association for Computing Machinery},
address = {New York, NY, USA},
volume = {23},
number = {1},
issn = {0360-0300},
url = {https://doi.org/10.1145/103162.103163},
doi = {10.1145/103162.103163},
journal = {ACM Comput. Surv.},
month = {mar},
pages = {5–48},
numpages = {44},
}

@inproceedings{ray1,
author = {Kalra, D. and Barr, A. H.},
title = {Guaranteed ray intersections with implicit surfaces},
year = {1989},
isbn = {0897913124},
publisher = {Association for Computing Machinery},
address = {New York, NY, USA},
url = {https://doi.org/10.1145/74333.74364},
doi = {10.1145/74333.74364},
booktitle = {Proceedings of the 16th Annual Conference on Computer Graphics and Interactive Techniques},
pages = {297–306},
numpages = {10},
series = {SIGGRAPH '89}
}

@phdthesis{posit,
    author = {Wagner, Matt},
    title = {Posits: An Alternative to Floating Point Calculations},
    school = {Rochester Institute of Technology},
    year = {2020},
}

@Misc{inter1,
  author =   {{nLab authors}},
  title =    {interval arithmetic },
  howpublished = {\url{https://ncatlab.org/nlab/show/interval+arithmetic}},
  month =    {July},
  year =     {2024}
}

@article{inter2,
    title        = {Fast and Exact Root Parity for Continuous Collision Detection},
    author       = {Bolun Wang and Zachary Ferguson and Xin Jiang and Marco Attene and Daniele Panozzo and Teseo Schneider},
    year         = {2022},
    journal      = {Computer Graphics Forum (Proceedings of Eurographics)},
}

@online{inter3,
author = {Luiz Henrique de Figueiredo},
title = {Interval Methods in Computer Graphics},
url = {lhf.impa.br/ftp/oral/imcg.pdf},
organization = {IMPA},
date = {09-2004},
urldate = {06-2024}
}

@phdthesis{inter4,
    author ={A. Dreyer} ,
    title = {Interval Methods for Analog Circuits},
    school = {Berichte des Fraunhofer ITWM},
    year = {2006}
}

@article{inter5,
title = {Computation of singularities and intersections of offsets of planar curves},
journal = {Computer Aided Geometric Design},
volume = {10},
number = {5},
pages = {407-429},
year = {1993},
issn = {0167-8396},
doi = {https://doi.org/10.1016/0167-8396(93)90020-4},
url = {https://www.sciencedirect.com/science/article/pii/0167839693900204},
author = {Takashi Maekawa and Nicholas M. Patrikalakis},
}

@article{inter6,
  title={Interrogation of differential geometry properties for design and manufacture},
  author={Takashi Maekawa and Nicholas M. Patrikalakis},
  journal={The Visual Computer},
  year={2005},
  volume={10},
  pages={216-237},
  url={https://api.semanticscholar.org/CorpusID:10948483}
}

@book{geometry1,
    author = {I.D Faux, M.J Pratt},
    title = {Computational Geometry for Design and Manufacture},
    publisher = {Elis Horwood},
    year = {1979}
}

@article{LOD6,
author = {Lescoat, Thibault and Liu, Hsueh‐Ti and Thiery, Jean-Marc and Jacobson, Alec and Boubekeur, Tamy and Ovsjanikov, Maks},
year = {2020},
month = {07},
pages = {315-324},
title = {Spectral Mesh Simplification},
volume = {39},
journal = {Computer Graphics Forum},
doi = {10.1111/cgf.13932}
}

@article{cross1,
author = {Knoppel, Felix and Crane, Keenan and Pinkall, Ulrich and Schroder, Peter},
title = {Globally optimal direction fields},
journal = {ACM Trans. Graph.},
volume = {32},
number = {4},
year = {2013},
publisher = {ACM},
address = {New York, NY, USA},
}

@article{remesh1,
author = {Wenzel Jakob and Marco Tarini and Daniele Panozzo and Olga Sorkine-Hornung},
title = {Instant Field-Aligned Meshes},
journal = {ACM Transactions on Graphics (Proceedings of SIGGRAPH ASIA)},
volume = {34},
number = {6},
year = {2015},
month = nov,
doi = {10.1145/2816795.2818078},
}

@article{remesh2,
author = {Bommes, David and Zimmer, Henrik and Kobbelt, Leif},
title = {Mixed-integer quadrangulation},
year = {2009},
issue_date = {August 2009},
publisher = {Association for Computing Machinery},
address = {New York, NY, USA},
volume = {28},
number = {3},
issn = {0730-0301},
url = {https://doi.org/10.1145/1531326.1531383},
doi = {10.1145/1531326.1531383},
journal = {ACM Trans. Graph.},
month = {jul},
articleno = {77},
numpages = {10},
keywords = {singularities, remeshing, quadrangulation, parametrization, mixed-integer, direction field}
}

@misc{chamfer1,
      title={A Near-Linear Time Algorithm for the Chamfer Distance}, 
      author={Ainesh Bakshi and Piotr Indyk and Rajesh Jayaram and Sandeep Silwal and Erik Waingarten},
      year={2023},
      eprint={2307.03043},
      archivePrefix={arXiv},
      primaryClass={cs.DS},
      url={https://arxiv.org/abs/2307.03043}, 
}

@article{chamfer2,
author = {Cignoni, Paolo and Rocchini, Claudio and Scopigno, Roberto},
year = {1998},
month = {06},
pages = {167 - 174},
title = {METRO: Measuring error on simplified surfaces},
volume = {17},
journal = {Computer Graphics Forum},
doi = {10.1111/1467-8659.00236}
}

@misc{chamfer3,
  author        = {Nina Singhal},
  title         = {CS273: Algorithms (...) Biology, Hausdorff Distance},
  month         = {April},
  year          = {2004},
  publisher={Stanford University}
}

@misc{frechet1,
      title={Fréchet Distance for Curves, Revisited}, 
      author={Boris Aronov and Sariel Har-Peled and Christian Knauer and Yusu Wang and Carola Wenk},
      year={2015},
      eprint={1504.07685},
      archivePrefix={arXiv},
      primaryClass={cs.CG},
      url={https://arxiv.org/abs/1504.07685}, 
}

@inproceedings{frechet2,
  title={Fr{\'e}chet View - A Tool for Exploring Fr{\'e}chet Distance Algorithms (Multimedia Exposition)},
  author={Peter Sch{\"a}fer},
  booktitle={International Symposium on Computational Geometry},
  year={2019},
  url={https://api.semanticscholar.org/CorpusID:184483464}
}

@article{frechet3,
  author    = {Helmut Alt and Christian Knauer and Carola Wenk},
  title     = {Comparison of Distance Measures for Planar Curves},
  journal   = {Algorithmica},
  year      = {2004},
  volume    = {38},
  number    = {1},
  pages     = {45--58},
  doi       = {10.1007/s00453-003-1042-5},
  issn      = {1432-0541},
  url       = {https://doi.org/10.1007/s00453-003-1042-5},
}

@article{tangent1,
  title={Simulation of wrinkled surfaces},
  author={James F. Blinn},
  journal={Proceedings of the 5th annual conference on Computer graphics and interactive techniques},
  year={1978},
  url={https://api.semanticscholar.org/CorpusID:16775534}
}

@misc{tangent2,
  author       = {Eric Lengyel},
  title        = {Computing Tangent Space Basis Vectors for an Arbitrary Mesh},
  year         = {2001},
  howpublished = {Terathon Software 3D Graphics Library},
  url          = {http://www.terathon.com/code/tangent.html}
}

@book{foundationsofgameengine1,
  title={Foundations of Game Engine Development: rendering},
  author={Lengyel, E.},
  number={v. 2},
  isbn={9780985811754},
  lccn={2017302826},
  series={Foundations of Game Engine Development},
  url={https://books.google.com.br/books?id=NtgmjwEACAAJ},
  year={2019},
  publisher={Terathon Software LLC}
}

@inproceedings{discreteexterior1,
                  author = {Keenan Crane, Fernando de Goes, Mathieu Desbrun, Peter Schröder},
                  title = {Digital Geometry Processing with Discrete Exterior Calculus},
                  booktitle = {ACM SIGGRAPH 2013 courses},
                  series = {SIGGRAPH '13},
                  year = {2013},
                  location = {Anaheim, California},
                  numpages = {126},
                  publisher = {ACM},
                  address = {New York, NY, USA},
                  }

@inproceedings{float3,
                  author = {W. Kahan},
                  title = {How Futile are Mindless Assessments of Roundoff
in Floating-Point Computation ?},
                  year = {2006},
                  location = {niversity of California, Berkeley},
                  numpages = {56},
                  address = {New York, NY, USA},
                  }

@article{fastmarching,
author = {Sethian, J. A.},
title = {Fast Marching Methods},
journal = {SIAM Review},
volume = {41},
number = {2},
pages = {199-235},
year = {1999},
doi = {10.1137/S0036144598347059},
URL = {  https://doi.org/10.1137/S0036144598347059}
}

@article{sdfwinding,
author = {Jacobson, Alec and Kavan, Ladislav and Sorkine-Hornung, Olga},
title = {Robust inside-outside segmentation using generalized winding numbers},
year = {2013},
issue_date = {July 2013},
publisher = {Association for Computing Machinery},
address = {New York, NY, USA},
volume = {32},
number = {4},
issn = {0730-0301},
url = {https://doi.org/10.1145/2461912.2461916},
doi = {10.1145/2461912.2461916},
journal = {ACM Trans. Graph.},
month = {jul},
articleno = {33},
numpages = {12},
}

@ARTICLE{SDFnormal,
  author={Baerentzen, J.A. and Aanaes, H.},
  journal={IEEE Transactions on Visualization and Computer Graphics}, 
  title={Signed distance computation using the angle weighted pseudonormal}, 
  year={2005},
  volume={11},
  number={3},
  pages={243-253},
  keywords={Geometry;Robustness;Index Terms- Mesh;signed distance field;normal;pseudonormal;polyhedron.},
  doi={10.1109/TVCG.2005.49}
}

@article{hamiltonjacobiUNIQUE,
  title={Uniqueness of viscosity solutions of Hamilton-Jacobi equations revisited},
  author={Michael G. CRANDALL and Hitoshi ISHII and Pierre-Louis LIONS},
  journal={Journal of the Mathematical Society of Japan},
  volume={39},
  number={4},
  pages={581-596},
  year={1987},
  doi={10.2969/jmsj/03940581}
}

@inproceedings{shapedescriptor1,
author = {Foskey, Mark and Lin, Ming C. and Manocha, Dinesh},
title = {Efficient computation of a simplified medial axis},
year = {2003},
isbn = {1581137060},
publisher = {Association for Computing Machinery},
address = {New York, NY, USA},
url = {https://doi.org/10.1145/781606.781623},
doi = {10.1145/781606.781623},
pages = {96–107},
numpages = {12},
keywords = {medial axis, distance field},
location = {Seattle, Washington, USA},
series = {SM '03}
}

@inproceedings{shapedescriptor2,
  title={Piecewise Linear Approximation of Signed Distance Fields},
  author={Jianhua Wu and Leif Kobbelt},
  booktitle={International Symposium on Vision, Modeling, and Visualization},
  year={2003},
  url={https://api.semanticscholar.org/CorpusID:16712430}
}

@inproceedings{shapedescriptor3,
author = {Dimitrov, Pavel and Phillips, Carlos and Siddiqi, Kaleem},
year = {2000},
month = {02},
pages = {417-423 vol.1},
title = {Robust and efficient skeletal graphs},
volume = {1},
isbn = {0-7695-0662-3},
journal = {CVPR},
doi = {10.1109/CVPR.2000.855849}
}

@inproceedings{neuralSDF1,
author = {Marschner, Zoë and Sellán, Silvia and Liu, Hsueh-Ti and Jacobson, Alec},
year = {2023},
month = {12},
pages = {1-12},
title = {Constructive Solid Geometry on Neural Signed Distance Fields},
doi = {10.1145/3610548.3618170}
}

@article{neuralSDF2,
  author       = {Amos Gropp and
                  Lior Yariv and
                  Niv Haim and
                  Matan Atzmon and
                  Yaron Lipman},
  title        = {Implicit Geometric Regularization for Learning Shapes},
  journal      = {CoRR},
  volume       = {abs/2002.10099},
  year         = {2020},
  url          = {https://arxiv.org/abs/2002.10099},
  eprinttype    = {arXiv},
  eprint       = {2002.10099},
  timestamp    = {Tue, 03 Mar 2020 14:32:13 +0100},
  biburl       = {https://dblp.org/rec/journals/corr/abs-2002-10099.bib},
  bibsource    = {dblp computer science bibliography, https://dblp.org}
}

@inproceedings{poissonsurface1,
author = {Kazhdan, Michael and Bolitho, Matthew and Hoppe, Hugues},
title = {Poisson surface reconstruction},
year = {2006},
isbn = {3905673363},
publisher = {Eurographics Association},
address = {Goslar, DEU},
booktitle = {Proceedings of the Fourth Eurographics Symposium on Geometry Processing},
pages = {61–70},
numpages = {10},
location = {Cagliari, Sardinia, Italy},
series = {SGP '06}
}

@INPROCEEDINGS{medialaxis1,
  author={Dimitrov, P. and Phillips, C. and Siddiqi, K.},
  booktitle={Proceedings IEEE Conference on Computer Vision and Pattern Recognition. CVPR 2000 (Cat. No.PR00662)}, 
  title={Robust and efficient skeletal graphs}, 
  year={2000},
  volume={1},
  pages={417-423 vol.1},
  doi={10.1109/CVPR.2000.855849}
}

@article{smoothsignedistance,
author = {Calakli, Fatih and Taubin, Gabriel},
year = {2011},
month = {11},
pages = {1993 - 2002},
title = {SSD: Smooth Signed Distance Surface Reconstruction},
volume = {30},
journal = {Computer Graphics Forum},
doi = {10.1111/j.1467-8659.2011.02058.x}
}

@article{SDFHeat,
    author = {Feng, Nicole and Crane, Keenan},
    title = {A Heat Method for Generalized Signed Distance},
    year = {2024},
    issue_date = {August 2024},
    publisher = {Association for Computing Machinery},
    address = {New York, NY, USA},
    volume = {43},
    number = {4},
    issn = {},
    url = {},
    doi = {10.1145/3658220},
    journal = {ACM Trans. Graph.},
    month = {jul},
    articleno = {92},
    numpages = {16}
}

@article{winding1,
author = {Feng, Nicole and Gillespie, Mark and Crane, Keenan},
title = {Winding Numbers on Discrete Surfaces},
year = {2023},
issue_date = {August 2023},
publisher = {Association for Computing Machinery},
address = {New York, NY, USA},
volume = {42},
number = {4},
issn = {0730-0301},
url = {https://doi.org/10.1145/3592401},
doi = {10.1145/3592401},
journal = {ACM Trans. Graph.},
month = {jul},
articleno = {36},
numpages = {17},
}

@article{jumpboundary1,
author = {Krutitskii, Pavel},
year = {2001},
month = {04},
pages = {353-358},
title = {The jump problem for the Laplace equation},
volume = {14},
journal = {Applied Mathematics Letters},
doi = {10.1016/S0893-9659(00)00161-0}
}

@misc{SDFThurston,
      title={Ray-marching Thurston geometries}, 
      author={Rémi Coulon and Elisabetta A. Matsumoto and Henry Segerman and Steve J. Trettel},
      year={2022},
      eprint={2010.15801},
      archivePrefix={arXiv},
      primaryClass={math.GT},
      url={https://arxiv.org/abs/2010.15801}, 
}

@unknown{CSG1,
author = {Coiffier, Guillaume and Bethune, Louis},
year = {2024},
month = {06},
pages = {},
title = {1-Lipschitz Neural Distance Fields}
}

@article{CSG2,
    author = {Ricci, A.},
    title = "{A constructive geometry for computer graphics}",
    journal = {The Computer Journal},
    volume = {16},
    number = {2},
    pages = {157-160},
    year = {1973},
    month = {01},
    abstract = "{In the present paper a general approach to the definition of complex 3D objects from simpler ones is illustrated. Intersection and union operations are defined which can be approximated to obtain a smooth joining of object volumes with one another.}",
    issn = {0010-4620},
    doi = {10.1093/comjnl/16.2.157},
    url = {https://doi.org/10.1093/comjnl/16.2.157},
    eprint = {https://academic.oup.com/comjnl/article-pdf/16/2/157/1060001/160157.pdf},
}

@misc{sdf_smooth_minimum,
  author    = {Inigo Quilez},
  title     = {SDF Smooth Minimum},
  year      = {2024},
  url       = {https://iquilezles.org/articles/smin/},
  note      = {Accessed: 2024-07-31}
}

@INPROCEEDINGS{SDFLoss1,
  author={Serrurier, Mathieu and Mamalet, Franck and González-Sanz, Alberto and Boissin, Thibaut and Loubes, Jean-Michel and del Barrio, Eustasio},
  booktitle={2021 IEEE/CVF Conference on Computer Vision and Pattern Recognition (CVPR)}, 
  title={Achieving robustness in classification using optimal transport with hinge regularization}, 
  year={2021},
  pages={505-514},
  keywords={Computer vision;Computational modeling;Transportation;Estimation;Fasteners;Robustness;Pattern recognition},
  doi={10.1109/CVPR46437.2021.00057}
}

@misc{wassersteingan,
      title={Wasserstein GAN}, 
      author={Martin Arjovsky and Soumith Chintala and Léon Bottou},
      year={2017},
      eprint={1701.07875},
      archivePrefix={arXiv},
      primaryClass={stat.ML},
      url={https://arxiv.org/abs/1701.07875}, 
}

@misc{quilez2015normals,
  author    = {Inigo Quilez},
  title     = {Normals for an SDF},
  year      = {2015},
  url       = {https://iquilezles.org/articles/normalsSDF/},
  note      = {Accessed: 2024-07-31}
}

@article{quilez2023xor,
  author    = {Inigo Quilez},
  title     = {XOR SDFs},
  year      = {2023},
  url       = {https://iquilezles.org/articles/sdfxor/},
  note      = {Accessed: 2024-07-31},
  journal   = {Iquilezles.org},
  howpublished = {Online}
}

@misc{benchen2010mesh,
  author    = {Mirela Ben-Chen and Andy Lai Lin},
  title     = {Mesh Data Structures},
  howpublished = {Lecture Slides for CS468 - Fall 2010/11 - Geometry Processing Algorithms},
  institution = {Stanford University},
  year      = {2010},
  url       = {http://graphics.stanford.edu/courses/cs468-10-fall/LectureSlides/02_Mesh_Data_Structures.pdf},
  note      = {Accessed: 2024-07-31}
}

@misc{eulerpoincare1,
      title={A Short Proof of Euler--Poincar\'e Formula}, 
      author={Petr Hliněný},
      year={2021},
      eprint={1612.01271},
      archivePrefix={arXiv},
      primaryClass={math.MG},
      url={https://arxiv.org/abs/1612.01271}, 
}

@MISC {eulerpoincare2,
    TITLE = {Euler&#39;s formula for triangle mesh},
    AUTHOR = {Nathan Reed (https://math.stackexchange.com/users/36022/nathan-reed)},
    HOWPUBLISHED = {Mathematics Stack Exchange},
    NOTE = {URL:https://math.stackexchange.com/q/425977 (version: 2013-06-30)},
    EPRINT = {https://math.stackexchange.com/q/425977},
    URL = {https://math.stackexchange.com/q/425977}
}

@online{weisstein_genus,
  author    = {Eric W. Weisstein},
  title     = {Euler Characteristic},
  year      = {2024},
  url       = {https://mathworld.wolfram.com/EulerCharacteristic.html},
  note      = {Accessed: 2024-07-31},
  publisher = {Wolfram Research},
  journal   = {MathWorld}
}

@article{geometric_calculus1,
author = {Hestenes, David and Sobczyk, Garret and Marsh, James},
year = {1985},
month = {05},
pages = {510-511},
title = {Clifford Algebra to Geometric Calculus. A Unified Language for Mathematics and Physics},
volume = {53},
journal = {American Journal of Physics},
doi = {10.1119/1.14223}
}

@misc{exterior_calculus1,
      title={On exterior calculus and curvature in piecewise-flat manifolds}, 
      author={Jonathan R. McDonald and Warner A. Miller and Paul M. Alsing and Xianfeng D. Gu and Xuping Wang and Shing-Tung Yau},
      year={2012},
      eprint={1212.0919},
      archivePrefix={arXiv},
      primaryClass={math.DG},
      url={https://arxiv.org/abs/1212.0919}, 
}

@software{neural_implicit_awesome,
author = {Sitzmann, Vincent},
title = {{Awesome Implicit Representations - A curated list of resources on implicit neural representations}},
url = {https://github.com/vsitzmann/awesome-implicit-representations},
version = {1.0.0}
}

@misc{neural_implicit_luigi,
      title={Deep Learning on Implicit Neural Representations of Shapes}, 
      author={Luca De Luigi and Adriano Cardace and Riccardo Spezialetti and Pierluigi Zama Ramirez and Samuele Salti and Luigi Di Stefano},
      year={2023},
      eprint={2302.05438},
      archivePrefix={arXiv},
      primaryClass={cs.CV},
      url={https://arxiv.org/abs/2302.05438}, 
}

@misc{neural_math,
      title={Mathematics of Neural Networks (Lecture Notes Graduate Course)}, 
      author={Bart M. N. Smets},
      year={2024},
      eprint={2403.04807},
      archivePrefix={arXiv},
      primaryClass={cs.LG},
      url={https://arxiv.org/abs/2403.04807}, 
}

@misc{neural_approx0,
   author = "Wikipedia",
   title = "{Universal approximation theorem} --- {W}ikipedia{,} The Free Encyclopedia",
   year = "2024",
   howpublished = {\url{http://en.wikipedia.org/w/index.php?title=Universal\%20approximation\%20theorem&oldid=1237543884}},
   note = "[Online; accessed 06-August-2024]"
 }

@article{neural_approx1,
title = {Multilayer feedforward networks are universal approximators},
journal = {Neural Networks},
volume = {2},
number = {5},
pages = {359-366},
year = {1989},
issn = {0893-6080},
doi = {https://doi.org/10.1016/0893-6080(89)90020-8},
url = {https://www.sciencedirect.com/science/article/pii/0893608089900208},
author = {Kurt Hornik and Maxwell Stinchcombe and Halbert White},
}

@article{equivariantCNN,
  author       = {Erik J. Bekkers and
                  Maxime W. Lafarge and
                  Mitko Veta and
                  Koen A. J. Eppenhof and
                  Josien P. W. Pluim and
                  Remco Duits},
  title        = {Roto-Translation Covariant Convolutional Networks for Medical Image
                  Analysis},
  journal      = {CoRR},
  volume       = {abs/1804.03393},
  year         = {2018},
  url          = {http://arxiv.org/abs/1804.03393},
  eprinttype    = {arXiv},
  eprint       = {1804.03393},
  timestamp    = {Sat, 23 Jan 2021 01:12:09 +0100},
  biburl       = {https://dblp.org/rec/journals/corr/abs-1804-03393.bib},
  bibsource    = {dblp computer science bibliography, https://dblp.org}
}

@inproceedings{neuralSDF3,
  title = {Neural Signed Distance Functions for 3D Shape Representation},
  author = {Chen, Honglin and Chen, Duowen},
  booktitle = {Proceedings of the 35th Conference on Neural Information Processing Systems (NeurIPS 2021)},
  year = {2021},
  address = {Sydney, Australia},
  institution = {Columbia University}
}

@article{deepSDF,
  author       = {Jeong Joon Park and
                  Peter R. Florence and
                  Julian Straub and
                  Richard A. Newcombe and
                  Steven Lovegrove},
  title        = {DeepSDF: Learning Continuous Signed Distance Functions for Shape Representation},
  journal      = {CoRR},
  volume       = {abs/1901.05103},
  year         = {2019},
  url          = {http://arxiv.org/abs/1901.05103},
  eprinttype    = {arXiv},
  eprint       = {1901.05103},
  timestamp    = {Thu, 04 May 2023 17:10:57 +0200},
  biburl       = {https://dblp.org/rec/journals/corr/abs-1901-05103.bib},
  bibsource    = {dblp computer science bibliography, https://dblp.org}
}

@MISC {codiff_sign,
    TITLE = {Sign of codifferential},
    AUTHOR = {Jackozee Hakkiuz (https://math.stackexchange.com/users/497717/jackozee-hakkiuz)},
    HOWPUBLISHED = {Mathematics Stack Exchange},
    NOTE = {URL:https://math.stackexchange.com/q/2829916 (version: 2018-06-27)},
    EPRINT = {https://math.stackexchange.com/q/2829916},
    URL = {https://math.stackexchange.com/q/2829916}
}

@article{spelunking,
  author       = {Nicholas Sharp and
                  Alec Jacobson},
  title        = {Spelunking the Deep: Guaranteed Queries for General Neural Implicit
                  Surfaces},
  journal      = {CoRR},
  volume       = {abs/2202.02444},
  year         = {2022},
  url          = {https://arxiv.org/abs/2202.02444},
  eprinttype    = {arXiv},
  eprint       = {2202.02444},
  timestamp    = {Wed, 09 Feb 2022 15:43:35 +0100},
  biburl       = {https://dblp.org/rec/journals/corr/abs-2202-02444.bib},
  bibsource    = {dblp computer science bibliography, https://dblp.org}
}

@article{adaptiveshells2023,
    author = {Zian Wang and Tianchang Shen and Merlin Nimier-David and Nicholas Sharp and Jun Gao 
        and Alexander Keller and Sanja Fidler and Thomas M\"uller and Zan Gojcic},
    title = {Adaptive Shells for Efficient Neural Radiance Field Rendering},
    journal = {ACM Trans. Graph.},
    issue_date = {December 2023},
    volume = {42},
    number = {6},
    year = {2023},
    articleno = {259},
    numpages = {15},
    url = {https://doi.org/10.1145/3618390},
    doi = {10.1145/3618390},
    publisher = {ACM},
    address = {New York, NY, USA},
    keywords = {neural radiance fields, fast rendering, level set methods, novel view synthesis}
  }

@article{ECG1,
author = {Wang, Stephanie and Nabizadeh, Mohammad Sina and Chern, Albert},
title = {Exterior Calculus in Graphics},
booktitle = {ACM SIGGRAPH 2023 courses},
series = {SIGGRAPH '23},
location = {Los Angeles, CA, USA},
year = {2023},
publisher = {ACM},
address = {New York, NY, USA},
}